@article{hadoux2021strategic,
  title={Strategic argumentation dialogues for persuasion: Framework and experiments based on modelling the beliefs and concerns of the persuadee},
  author={Hadoux, Emmanuel and Hunter, Anthony and Polberg, Sylwia},
  journal={arXiv preprint arXiv:2101.11870},
  year={2021}
}

@inproceedings{hadoux2018biparty,
  title={Biparty Decision Theory for Dialogical Argumentation.},
  author={Hadoux, Emmanuel and Hunter, Anthony and Polberg, Sylwia},
  booktitle={COMMA},
  pages={233--240},
  year={2018}
}

@article{donadello2021machine,
  title={Machine Learning for Utility Prediction in Argument-Based Computational Persuasion},
  author={Donadello, Ivan and Hunter, Anthony and Teso, Stefano and Dragoni, Mauro},
  journal={arXiv preprint arXiv:2112.04953},
  year={2021}
}

@inproceedings{chalaguine2021addressing,
  title={Addressing Popular Concerns Regarding COVID-19 Vaccination with Natural Language Argumentation Dialogues},
  author={Chalaguine, Lisa and Hunter, Anthony},
  booktitle={European Conference on Symbolic and Quantitative Approaches with Uncertainty},
  pages={59--73},
  year={2021},
  organization={Springer}
}

@article{berrar2018bayes,
  title={Bayes’ theorem and naive Bayes classifier},
  author={Berrar, Daniel},
  journal={Encyclopedia of Bioinformatics and Computational Biology: ABC of Bioinformatics; Elsevier Science Publisher: Amsterdam, The Netherlands},
  pages={403--412},
  year={2018}
}

@inproceedings{rish2001empirical,
  title={An empirical study of the naive Bayes classifier},
  author={Rish, Irina and others},
  booktitle={IJCAI 2001 workshop on empirical methods in artificial intelligence},
  volume={3},
  number={22},
  pages={41--46},
  year={2001}
}

@inproceedings{guo2012weiwei,
  title={Weiwei: A simple unsupervised latent semantics based approach for sentence similarity},
  author={Guo, Weiwei and Diab, Mona},
  booktitle={* SEM 2012: The First Joint Conference on Lexical and Computational Semantics--Volume 1: Proceedings of the main conference and the shared task, and Volume 2: Proceedings of the Sixth International Workshop on Semantic Evaluation (SemEval 2012)},
  pages={586--590},
  year={2012}
}

@article{hossin2015review,
  title={A review on evaluation metrics for data classification evaluations},
  author={Hossin, Mohammad and Sulaiman, Md Nasir},
  journal={International journal of data mining \& knowledge management process},
  volume={5},
  number={2},
  pages={1},
  year={2015},
  publisher={Academy \& Industry Research Collaboration Center (AIRCC)}
}

@article{ng2011sparse,
  title={Sparse autoencoder},
  author={Ng, Andrew and others},
  journal={CS294A Lecture notes},
  volume={72},
  number={2011},
  pages={1--19},
  year={2011}
}

@article{zou2008overview,
  title={Overview of artificial neural networks},
  author={Zou, Jinming and Han, Yi and So, Sung-Sau},
  journal={Artificial Neural Networks},
  pages={14--22},
  year={2008},
  publisher={Springer}
}

@book{jannach2010recommender,
  title={Recommender systems: an introduction},
  author={Jannach, Dietmar and Zanker, Markus and Felfernig, Alexander and Friedrich, Gerhard},
  year={2010},
  publisher={Cambridge University Press}
}

@article{burke2011recommender,
  title={Recommender systems: An overview},
  author={Burke, Robin and Felfernig, Alexander and G{\"o}ker, Mehmet H},
  journal={Ai Magazine},
  volume={32},
  number={3},
  pages={13--18},
  year={2011}
}

@book{klein2017sources,
  title={Sources of power: How people make decisions},
  author={Klein, Gary A},
  year={2017},
  publisher={MIT press}
}

@article{stray2021designing,
  title={Designing Recommender Systems to Depolarize},
  author={Stray, Jonathan},
  journal={arXiv preprint arXiv:2107.04953},
  year={2021}
}

@incollection{wang2003artificial,
  title={Artificial neural network},
  author={Wang, Sun-Chong},
  booktitle={Interdisciplinary computing in java programming},
  pages={81--100},
  year={2003},
  publisher={Springer}
}

@book{abramowitz1964handbook,
  title={Handbook of mathematical functions with formulas, graphs, and mathematical tables},
  author={Abramowitz, Milton and Stegun, Irene A},
  volume={55},
  year={1964},
  publisher={US Government printing office}
}

@article{koren2009matrix,
  title={Matrix factorization techniques for recommender systems},
  author={Koren, Yehuda and Bell, Robert and Volinsky, Chris},
  journal={Computer},
  volume={42},
  number={8},
  pages={30--37},
  year={2009},
  publisher={IEEE}
}

@article{xia2015learning,
  title={Learning similarity with cosine similarity ensemble},
  author={Xia, Peipei and Zhang, Li and Li, Fanzhang},
  journal={Information Sciences},
  volume={307},
  pages={39--52},
  year={2015},
  publisher={Elsevier}
}

@article{lu2012recommender,
  title={Recommender systems},
  author={L{\"u}, Linyuan and Medo, Mat{\'u}{\v{s}} and Yeung, Chi Ho and Zhang, Yi-Cheng and Zhang, Zi-Ke and Zhou, Tao},
  journal={Physics reports},
  volume={519},
  number={1},
  pages={1--49},
  year={2012},
  publisher={Elsevier}
}

@article{beel2016paper,
  title={paper recommender systems: A literature survey},
  author={Beel, Joeran and Gipp, Bela and Langer, Stefan and Breitinger, Corinna},
  journal={International Journal on Digital Libraries},
  volume={17},
  number={4},
  pages={305--338},
  year={2016},
  publisher={Springer}
}

@book{kumar2021recommender,
  title={Recommender Systems: Algorithms and Applications},
  author={Kumar, P Pavan and Vairachilai, S and Potluri, Sirisha and Mohanty, Sachi Nandan},
  year={2021},
  publisher={CRC Press}
}

@incollection{brenneis2020deliberate,
title={deliberate–Online Argumentation with Collaborative Filtering},
author={Brenneis, Markus and Mauve, Martin},
booktitle={Computational Models of Argument},
pages={453–454},
year={2020},
publisher={IOS Press}
}

@book{pariser2011filter,
  title={The filter bubble: What the Internet is hiding from you},
  author={Pariser, Eli},
  year={2011},
  publisher={Penguin UK}
}

@article{nickerson1998confirmation,
  title={Confirmation bias: A ubiquitous phenomenon in many guises},
  author={Nickerson, Raymond S},
  journal={Review of general psychology},
  volume={2},
  number={2},
  pages={175--220},
  year={1998},
  publisher={SAGE Publications Sage CA: Los Angeles, CA}
}

@article{jones1972statistical,
  title={A statistical interpretation of term specificity and its application in retrieval},
  author={Jones, Karen Sparck},
  journal={Journal of documentation},
  year={1972},
  publisher={MCB UP Ltd}
}

@article{tharwat2020classification,
  title={Classification assessment methods},
  author={Tharwat, Alaa},
  journal={Applied Computing and Informatics},
  year={2020},
  publisher={Emerald Publishing Limited}
}

@incollection{benesty2009pearson,
  title={Pearson correlation coefficient},
  author={Benesty, Jacob and Chen, Jingdong and Huang, Yiteng and Cohen, Israel},
  booktitle={Noise reduction in speech processing},
  pages={1--4},
  year={2009},
  publisher={Springer}
}

@article{wherry1982control,
  title={The control of bias in ratings: A theory of rating},
  author={Wherry Sr, Robert J and Bartlett, CJ},
  journal={Personnel Psychology},
  volume={35},
  number={3},
  pages={521--551},
  year={1982},
  publisher={Wiley Online Library}
}

@article{shannon1948mathematical,
  title={A mathematical theory of communication},
  author={Shannon, Claude Elwood},
  journal={The Bell system technical journal},
  volume={27},
  number={3},
  pages={379--423},
  year={1948},
  publisher={Nokia Bell Labs}
}

@book{aggarwal2016recommender,
  title={Recommender systems},
  author={Aggarwal, Charu C and others},
  volume={1},
  year={2016},
  publisher={Springer}
}

@inproceedings{brenneis2021will,
  title={How Will I Argue? A Dataset for Evaluating Recommender Systems for Argumentations},
  author={Brenneis, Markus and Behrendt, Maike and Harmeling, Stefan},
  booktitle={Proceedings of the 22nd Annual Meeting of the Special Interest Group on Discourse and Dialogue},
  pages={360--367},
  year={2021}
}


@article{devlin2018bert,
  title={Bert: Pre-training of deep bidirectional transformers for language understanding},
  author={Devlin, Jacob and Chang, Ming-Wei and Lee, Kenton and Toutanova, Kristina},
  journal={arXiv preprint arXiv:1810.04805},
  year={2018}
}

@inproceedings{vaswani2017attention,
  title={Attention is all you need},
  author={Vaswani, Ashish and Shazeer, Noam and Parmar, Niki and Uszkoreit, Jakob and Jones, Llion and Gomez, Aidan N and Kaiser, Lukasz and Polosukhin, Illia},
  booktitle={Advances in neural information processing systems},
  pages={5998--6008},
  year={2017}
}

@article{rumelhart1986learning,
  title={Learning representations by back-propagating errors},
  author={Rumelhart, David E and Hinton, Geoffrey E and Williams, Ronald J},
  journal={nature},
  volume={323},
  number={6088},
  pages={533--536},
  year={1986},
  publisher={Nature Publishing Group}
}

@article{rosenblatt1958perceptron,
  title={The perceptron: a probabilistic model for information storage and organization in the brain.},
  author={Rosenblatt, Frank},
  journal={Psychological review},
  volume={65},
  number={6},
  pages={386},
  year={1958},
  publisher={American Psychological Association}
}

@inproceedings{guo2012modeling,
  title={Modeling sentences in the latent space},
  author={Guo, Weiwei and Diab, Mona},
  booktitle={Proceedings of the 50th Annual Meeting of the Association for Computational Linguistics (Volume 1: Long Papers)},
  pages={864--872},
  year={2012}
}

@article{rydning2018digitization,
  title={The digitization of the world from edge to core},
  author={Rydning, David Reinsel--John Gantz--John},
  journal={Framingham: International Data Corporation},
  pages={16},
  year={2018}
}

@article{valdiviezo2019collaborative,
  title={A collaborative filtering approach based on Na{\"\i}ve Bayes classifier},
  author={Valdiviezo-Diaz, Priscila and Ortega, Fernando and Cobos, Eduardo and Lara-Cabrera, Ra{\'u}l},
  journal={IEEE Access},
  volume={7},
  pages={108581--108592},
  year={2019},
  publisher={IEEE}
}

@article{he2009learning,
  title={Learning from imbalanced data},
  author={He, Haibo and Garcia, Edwardo A},
  journal={IEEE Transactions on knowledge and data engineering},
  volume={21},
  number={9},
  pages={1263--1284},
  year={2009},
  publisher={Ieee}
}

@misc{bank2021autoencoders,
      title={Autoencoders}, 
      author={Dor Bank and Noam Koenigstein and Raja Giryes},
      year={2021},
      eprint={2003.05991},
      archivePrefix={arXiv},
      primaryClass={cs.LG}
}

@inproceedings{sedhain2015autorec,
  title={Autorec: Autoencoders meet collaborative filtering},
  author={Sedhain, Suvash and Menon, Aditya Krishna and Sanner, Scott and Xie, Lexing},
  booktitle={Proceedings of the 24th international conference on World Wide Web},
  pages={111--112},
  year={2015}
}

@article{gomez2015netflix,
  title={The netflix recommender system: Algorithms, business value, and innovation},
  author={Gomez-Uribe, Carlos A and Hunt, Neil},
  journal={ACM Transactions on Management Information Systems (TMIS)},
  volume={6},
  number={4},
  pages={1--19},
  year={2015},
  publisher={ACM New York, NY, USA}
}

@article{devlin2018bert,
  title={Bert: Pre-training of deep bidirectional transformers for language understanding},
  author={Devlin, Jacob and Chang, Ming-Wei and Lee, Kenton and Toutanova, Kristina},
  journal={arXiv preprint arXiv:1810.04805},
  year={2018}
}

@inproceedings{xu2020symmetric,
  title={Symmetric Regularization based BERT for Pair-wise Semantic Reasoning},
  author={Xu, Weidi and Cheng, Xingyi and Chen, Kunlong and Wang, Taifeng},
  booktitle={Proceedings of the 43rd International ACM SIGIR Conference on Research and Development in Information Retrieval},
  pages={1901--1904},
  year={2020}
}

@article{thakur2020augmented,
  title={Augmented sbert: Data augmentation method for improving bi-encoders for pairwise sentence scoring tasks},
  author={Thakur, Nandan and Reimers, Nils and Daxenberger, Johannes and Gurevych, Iryna},
  journal={arXiv preprint arXiv:2010.08240},
  year={2020}
}

@article{reimers2019sentence,
  title={Sentence-bert: Sentence embeddings using siamese bert-networks},
  author={Reimers, Nils and Gurevych, Iryna},
  journal={arXiv preprint arXiv:1908.10084},
  year={2019}
}

@inproceedings{brenneis2020much,
  title={How Much Do I Argue Like You? Towards a Metric on Weighted Argumentation Graphs.},
  author={Brenneis, Markus and Behrendt, Maike and Harmeling, Stefan and Mauve, Martin},
  booktitle={SAFA@ COMMA},
  pages={2--13},
  year={2020}
}

@article{li2016two,
  title={Two-level matrix factorization for recommender systems},
  author={Li, Fangfang and Xu, Guandong and Cao, Longbing},
  journal={Neural Computing and Applications},
  volume={27},
  number={8},
  pages={2267--2278},
  year={2016},
  publisher={Springer}
}

@inproceedings{vaswani2017attention,
  title={Attention is all you need},
  author={Vaswani, Ashish and Shazeer, Noam and Parmar, Niki and Uszkoreit, Jakob and Jones, Llion and Gomez, Aidan N and Kaiser, {\L}ukasz and Polosukhin, Illia},
  booktitle={Advances in neural information processing systems},
  pages={5998--6008},
  year={2017}
}

@inproceedings{HowIArgue,
    title={How Will I Argue? A Dataset for Evaluating Recommender Systems for Argumentations},
    author={Brenneis, Markus and Behrendt, Maike and Harmeling, Stefan},
    booktitle={22nd Annual Meeting of the Special Interest Group on Discourse and Dialogue},
    year={2021}
}

@book{aggarwal2016recommender,
  title={Recommender systems},
  author={Aggarwal, Charu C and others},
  volume={1},
  year={2016},
  publisher={Springer}
}