@article{gomez2015netflix,
  title={The netflix recommender system: Algorithms, business value, and innovation},
  author={Gomez-Uribe, Carlos A and Hunt, Neil},
  journal={ACM Transactions on Management Information Systems (TMIS)},
  volume={6},
  number={4},
  pages={1--19},
  year={2015},
  publisher={ACM New York, NY, USA}
}

@inproceedings{xu2020symmetric,
  title={Symmetric Regularization based BERT for Pair-wise Semantic Reasoning},
  author={Xu, Weidi and Cheng, Xingyi and Chen, Kunlong and Wang, Taifeng},
  booktitle={Proceedings of the 43rd International ACM SIGIR Conference on Research and Development in Information Retrieval},
  pages={1901--1904},
  year={2020}
}

@article{thakur2020augmented,
  title={Augmented sbert: Data augmentation method for improving bi-encoders for pairwise sentence scoring tasks},
  author={Thakur, Nandan and Reimers, Nils and Daxenberger, Johannes and Gurevych, Iryna},
  journal={arXiv preprint arXiv:2010.08240},
  year={2020}
}

@article{reimers2019sentence,
  title={Sentence-bert: Sentence embeddings using siamese bert-networks},
  author={Reimers, Nils and Gurevych, Iryna},
  journal={arXiv preprint arXiv:1908.10084},
  year={2019}
}

@inproceedings{brenneis2020much,
  title={How Much Do I Argue Like You? Towards a Metric on Weighted Argumentation Graphs.},
  author={Brenneis, Markus and Behrendt, Maike and Harmeling, Stefan and Mauve, Martin},
  booktitle={SAFA@ COMMA},
  pages={2--13},
  year={2020}
}

@article{li2016two,
  title={Two-level matrix factorization for recommender systems},
  author={Li, Fangfang and Xu, Guandong and Cao, Longbing},
  journal={Neural Computing and Applications},
  volume={27},
  number={8},
  pages={2267--2278},
  year={2016},
  publisher={Springer}
}

@inproceedings{vaswani2017attention,
  title={Attention is all you need},
  author={Vaswani, Ashish and Shazeer, Noam and Parmar, Niki and Uszkoreit, Jakob and Jones, Llion and Gomez, Aidan N and Kaiser, {\L}ukasz and Polosukhin, Illia},
  booktitle={Advances in neural information processing systems},
  pages={5998--6008},
  year={2017}
}

@inproceedings{HowIArgue,
    title={How Will I Argue? A Dataset for Evaluating Recommender Systems for Argumentations},
    author={Brenneis, Markus and Behrendt, Maike and Harmeling, Stefan},
    booktitle={22nd Annual Meeting of the Special Interest Group on Discourse and Dialogue},
    year={2021}
}
